@online{AhaAllergies,
  author = {aha! Swiss Allergy Centre},
  title = {Food allergy},
  year = 2018,
  url = {https://www.aha.ch/swiss-allergy-centre/info-on-allergies/-allergies-intolerances/food-allergy/food-allergies/?oid=1582&lang=en},
  urldate = {2019-01-23}
}

@online{AhaIntolerances,
  author = {aha! Swiss Allergy Centre},
  title = {Food intolerance},
  year = 2018,
  url = {https://www.aha.ch/swiss-allergy-centre/info-on-allergies/-allergies-intolerances/food-intolerance/food-intolerances/?oid=1584&lang=en},
  urldate = {2019-01-23}
}

@online{FoodLaw,
  author = {\acrshort{edi}},
  title = {Verordnung des EDI
betreffend die Information über Lebensmittel},
  year = 2016,
  url = {https://www.admin.ch/opc/de/official-compilation/2017/1353.pdf},
  urldate = {2019-01-23}
}

@online{Languages,
  author = {\acrshort{bfs}},
  title = {Ständige Wohnbevölkerung ab 15 Jahren nach Hauptsprachen},
  year = 2019,
  month = 1,
  day = 29,
  url = {https://www.bfs.admin.ch/bfs/de/home/statistiken/bevoelkerung/sprachen-religionen/sprachen.html},
  urldate = {2019-01-23}
}

@online{Population,
  author = {\acrshort{bfs}},
  title = {Ständige Wohnbevölkerung nach Staatsangehörigkeitskategorie, Alter und Kanton, 3. Quartal 2018},
  year = 2018,
  month = 12,
  day = 19,
  url = {https://www.bfs.admin.ch/bfs/de/home/statistiken/bevoelkerung/stand-entwicklung.assetdetail.6866254.html},
  urldate = {2019-01-23}
}

@article{Venkatesh2003UserAO,
  title={User Acceptance of Information Technology: Toward a Unified View},
  author={Viswanath Venkatesh and Michael G. Morris and Gordon B. Davis and Fred D. Davis},
  journal={MIS Quarterly},
  year={2003},
  volume={27},
  pages={425-478}
}
@article{Venkatesh2016UnifiedTO,
  title={Unified Theory of Acceptance and Use of Technology: A Synthesis and the Road Ahead},
  author={Viswanath Venkatesh and James Y. L. Thong and Xin Xu},
  journal={J. AIS},
  year={2016},
  volume={17},
  pages={1}
}




@online{takePhoto,
  author = {\acrshort{mdn}},
  title = {ImageCapture.takePhoto()},
  year = 2018,
  month = 8,
  day = 17,
  url = {https://developer.mozilla.org/en-US/docs/Web/API/ImageCapture/takePhoto},
  urldate = {2019-01-23}
}



@online{angular,
  author = {Google},
  title = {What is Angular?},
  year = 2019,
  month = 1,
  day = 23,
  url = {https://angular.io/docs},
  urldate = {2019-01-23}
}


@online{ionic,
  author = {Ionic},
  title = {What is Ionic Framework?},
  year = 2019,
  month = 1,
  day = 23,
  url = {https://ionicframework.com/docs/intro},
  urldate = {2019-01-23}
}


@online{cordova,
  author = {Apache},
  title = {Cordova: Overview},
  year = 2019,
  month = 1,
  day = 23,
  url = {https://cordova.apache.org/docs/en/latest/guide/overview/index.html},
  urldate = {2019-01-23}
}

@article{jobe_2013,
    title={Native Apps Vs. Mobile Web Apps},
    volume={7},
    DOI={10.3991/ijim.v7i4.3226},
    number={4},
    journal={International Journal of Interactive Mobile Technologies (iJIM)},
    author={Jobe, William},
    year={2013},
    pages={27}
    }

